<?xml version="1.0" encoding="UTF-8"?><record xmlns="http://www.loc.gov/MARC21/slim" xmlns:cinclude="http://apache.org/cocoon/include/1.0" xmlns:zs="http://www.loc.gov/zing/srw/">
  <leader>00441nz  a2200133n  4500</leader>
  <controlfield tag="001">no2003006655</controlfield>
  <controlfield tag="003">DLC</controlfield>
  <controlfield tag="005">20030123052545.0</controlfield>
  <controlfield tag="008">030122n| acannaab           |n ana     c</controlfield>
  <datafield tag="010" ind1=" " ind2=" ">
    <subfield code="a">no2003006655</subfield>
  </datafield>
  <datafield tag="035" ind1=" " ind2=" ">
    <subfield code="a">(OCoLC)oca05955408</subfield>
  </datafield>
  <datafield tag="040" ind1=" " ind2=" ">
    <subfield code="a">NjP</subfield>
    <subfield code="b">eng</subfield>
    <subfield code="c">NjP</subfield>
  </datafield>
  <datafield tag="110" ind1="2" ind2=" ">
    <subfield code="a">Costruttori romani riuniti grandi opere (Firm)</subfield>
  </datafield>
  <datafield tag="670" ind1=" " ind2=" ">
    <subfield code="a">Trasformazione e rinnova urbano dell'area di San Lorenzo a Roma, 2001:</subfield>
    <subfield code="b">t.p. (Costruttori romani riuniti grandi opere)</subfield>
  </datafield>
</record>